@ARTICLE{2021MNRAS.508.3877G,
       author = {{Gentile Fusillo}, N.~P. and {Tremblay}, P. -E. and {Cukanovaite}, E. and {Vorontseva}, A. and {Lallement}, R. and {Hollands}, M. and {G{\"a}nsicke}, B.~T. and {Burdge}, K.~B. and {McCleery}, J. and {Jordan}, S.},
        title = "{A catalogue of white dwarfs in Gaia EDR3}",
      journal = {\mnras},
     keywords = {catalogues, surveys, white dwarfs, Astrophysics - Solar and Stellar Astrophysics},
         year = 2021,
        month = dec,
       volume = {508},
       number = {3},
        pages = {3877-3896},
          doi = {10.1093/mnras/stab2672},
archivePrefix = {arXiv},
       eprint = {2106.07669},
 primaryClass = {astro-ph.SR},
       adsurl = {https://ui.adsabs.harvard.edu/abs/2021MNRAS.508.3877G},
      adsnote = {Provided by the SAO/NASA Astrophysics Data System}
}

@ARTICLE{2023MNRAS.522.1643C,
       author = {{Cukanovaite}, E. and {Tremblay}, P. -E. and {Toonen}, S. and {Temmink}, K.~D. and {Manser}, Christopher J. and {O'Brien}, M.~W. and {McCleery}, J.},
        title = "{Local stellar formation history from the 40 pc white dwarf sample}",
      journal = {\mnras},
     keywords = {stars: evolution, stars: luminosity function, white dwarfs, Astrophysics - Solar and Stellar Astrophysics, Astrophysics - Astrophysics of Galaxies},
         year = 2023,
        month = jun,
       volume = {522},
       number = {2},
        pages = {1643-1661},
          doi = {10.1093/mnras/stad1020},
archivePrefix = {arXiv},
       eprint = {2209.13919},
 primaryClass = {astro-ph.SR},
       adsurl = {https://ui.adsabs.harvard.edu/abs/2023MNRAS.522.1643C},
      adsnote = {Provided by the SAO/NASA Astrophysics Data System}
}

@ARTICLE{2022RASTI...1...81L,
       author = {{Lam}, M.~C. and {Yuen}, K.~W. and {Green}, M.~J. and {Li}, W.},
        title = "{WDPhotTools - a white dwarf photometric toolkit in Python}",
      journal = {RAS Techniques and Instruments},
     keywords = {methods: data analysis, software: data analysis, software: public release, stars: luminosity function, mass function, (stars:) white dwarfs, Astrophysics - Instrumentation and Methods for Astrophysics, Astrophysics - Solar and Stellar Astrophysics},
         year = 2022,
        month = apr,
       volume = {1},
       number = {1},
        pages = {81-98},
          doi = {10.1093/rasti/rzac006},
archivePrefix = {arXiv},
       eprint = {2205.15321},
 primaryClass = {astro-ph.IM},
       adsurl = {https://ui.adsabs.harvard.edu/abs/2022RASTI...1...81L},
      adsnote = {Provided by the SAO/NASA Astrophysics Data System}
}

@ARTICLE{2015MNRAS.450.4098L,
       author = {{Lam}, Marco C. and {Rowell}, Nicholas and {Hambly}, Nigel C.},
        title = "{A maximum volume density estimator generalized over a proper motion-limited sample}",
      journal = {\mnras},
     keywords = {methods: statistical, proper motions, stars: kinematics and dynamics, stars: luminosity function, mass function, white dwarfs, solar neighbourhood, Astrophysics - Astrophysics of Galaxies},
         year = 2015,
        month = jul,
       volume = {450},
       number = {4},
        pages = {4098-4108},
          doi = {10.1093/mnras/stv876},
archivePrefix = {arXiv},
       eprint = {1504.04643},
 primaryClass = {astro-ph.GA},
       adsurl = {https://ui.adsabs.harvard.edu/abs/2015MNRAS.450.4098L},
      adsnote = {Provided by the SAO/NASA Astrophysics Data System}
}

@ARTICLE{2017MNRAS.471.4155K,
       author = {{Koprowski}, M.~P. and {Dunlop}, J.~S. and {Micha{\l}owski}, M.~J. and {Coppin}, K.~E.~K. and {Geach}, J.~E. and {McLure}, R.~J. and {Scott}, D. and {van der Werf}, P.~P.},
        title = "{The evolving far-IR galaxy luminosity function and dust-obscured star formation rate density out to zâ‰ƒ5.}",
      journal = {\mnras},
     keywords = {dust, extinction, galaxies: evolution, galaxies: high-redshift, galaxies: luminosity function, mass function, galaxies: star formation, cosmology: observations, Astrophysics - Astrophysics of Galaxies},
         year = 2017,
        month = nov,
       volume = {471},
       number = {4},
        pages = {4155-4169},
          doi = {10.1093/mnras/stx1843},
archivePrefix = {arXiv},
       eprint = {1706.00426},
 primaryClass = {astro-ph.GA},
       adsurl = {https://ui.adsabs.harvard.edu/abs/2017MNRAS.471.4155K},
      adsnote = {Provided by the SAO/NASA Astrophysics Data System}
}

@ARTICLE{2016MNRAS.461.1100R,
       author = {{Rowan-Robinson}, Michael and {Oliver}, Seb and {Wang}, Lingyu and {Farrah}, Duncan and {Clements}, David L. and {Gruppioni}, Carlotta and {Marchetti}, Lucia and {Rigopoulou}, Dimitra and {Vaccari}, Mattia},
        title = "{The star formation rate density from z = 1 to 6}",
      journal = {\mnras},
     keywords = {stars: formation, galaxies: evolution, galaxies: starburst, cosmology: observations, infrared: galaxies, Astrophysics - Astrophysics of Galaxies},
         year = 2016,
        month = sep,
       volume = {461},
       number = {1},
        pages = {1100-1111},
          doi = {10.1093/mnras/stw1169},
archivePrefix = {arXiv},
       eprint = {1605.03937},
 primaryClass = {astro-ph.GA},
       adsurl = {https://ui.adsabs.harvard.edu/abs/2016MNRAS.461.1100R},
      adsnote = {Provided by the SAO/NASA Astrophysics Data System}
}

@ARTICLE{2016A&A...589A..66H,
       author = {{Haywood}, M. and {Lehnert}, M.~D. and {Di Matteo}, P. and {Snaith}, O. and {Schultheis}, M. and {Katz}, D. and {G{\'o}mez}, A.},
        title = "{When the Milky Way turned off the lights: APOGEE provides evidence of star formation quenching in our Galaxy}",
      journal = {\aap},
     keywords = {Galaxy: abundances, Galaxy: disk, Galaxy: evolution, galaxies: evolution, Astrophysics - Astrophysics of Galaxies},
         year = 2016,
        month = may,
       volume = {589},
          eid = {A66},
        pages = {A66},
          doi = {10.1051/0004-6361/201527567},
archivePrefix = {arXiv},
       eprint = {1601.03042},
 primaryClass = {astro-ph.GA},
       adsurl = {https://ui.adsabs.harvard.edu/abs/2016A&A...589A..66H},
      adsnote = {Provided by the SAO/NASA Astrophysics Data System}
}

@ARTICLE{2018Natur.563...85H,
       author = {{Helmi}, Amina and {Babusiaux}, Carine and {Koppelman}, Helmer H. and {Massari}, Davide and {Veljanoski}, Jovan and {Brown}, Anthony G.~A.},
        title = "{The merger that led to the formation of the Milky Way's inner stellar halo and thick disk}",
      journal = {\nat},
     keywords = {Astrophysics - Astrophysics of Galaxies},
         year = 2018,
        month = oct,
       volume = {563},
       number = {7729},
        pages = {85-88},
          doi = {10.1038/s41586-018-0625-x},
archivePrefix = {arXiv},
       eprint = {1806.06038},
 primaryClass = {astro-ph.GA},
       adsurl = {https://ui.adsabs.harvard.edu/abs/2018Natur.563...85H},
      adsnote = {Provided by the SAO/NASA Astrophysics Data System}
}

@ARTICLE{2018A&A...620A..79M,
       author = {{Mor}, R. and {Robin}, A.~C. and {Figueras}, F. and {Antoja}, T.},
        title = "{BGM FASt: Besan{\c{c}}on Galaxy Model for big data. Simultaneous inference of the IMF, SFH, and density in the solar neighbourhood}",
      journal = {\aap},
     keywords = {Galaxy: fundamental parameters, solar neighborhood, Galaxy: stellar content, stars: formation, methods: analytical, methods: statistical, Astrophysics - Astrophysics of Galaxies, Astrophysics - Instrumentation and Methods for Astrophysics},
         year = 2018,
        month = dec,
       volume = {620},
          eid = {A79},
        pages = {A79},
          doi = {10.1051/0004-6361/201833501},
archivePrefix = {arXiv},
       eprint = {1809.03511},
 primaryClass = {astro-ph.GA},
       adsurl = {https://ui.adsabs.harvard.edu/abs/2018A&A...620A..79M},
      adsnote = {Provided by the SAO/NASA Astrophysics Data System}
}

@ARTICLE{2017A&C....19...16J,
       author = {{Jennings}, E. and {Madigan}, M.},
        title = "{astroABC : An Approximate Bayesian Computation Sequential Monte Carlo sampler for cosmological parameter estimation}",
      journal = {Astronomy and Computing},
     keywords = {Cosmology, Theory cosmology, Cosmological parameters galaxies, Statistics methods, Statistical (stars), Supernovae, Astrophysics - Instrumentation and Methods for Astrophysics, Statistics - Applications},
         year = 2017,
        month = apr,
       volume = {19},
        pages = {16-22},
          doi = {10.1016/j.ascom.2017.01.001},
archivePrefix = {arXiv},
       eprint = {1608.07606},
 primaryClass = {astro-ph.IM},
       adsurl = {https://ui.adsabs.harvard.edu/abs/2017A&C....19...16J},
      adsnote = {Provided by the SAO/NASA Astrophysics Data System}
}

@ARTICLE{2019Natur.565..202T,
       author = {{Tremblay}, Pier-Emmanuel and {Fontaine}, Gilles and {Gentile Fusillo}, Nicola Pietro and {Dunlap}, Bart H. and {G{\"a}nsicke}, Boris T. and {Hollands}, Mark A. and {Hermes}, J.~J. and {Marsh}, Thomas R. and {Cukanovaite}, Elena and {Cunningham}, Tim},
        title = "{Core crystallization and pile-up in the cooling sequence of evolving white dwarfs}",
      journal = {\nat},
     keywords = {Astrophysics - Solar and Stellar Astrophysics},
         year = 2019,
        month = jan,
       volume = {565},
       number = {7738},
        pages = {202-205},
          doi = {10.1038/s41586-018-0791-x},
archivePrefix = {arXiv},
       eprint = {1908.00370},
 primaryClass = {astro-ph.SR},
       adsurl = {https://ui.adsabs.harvard.edu/abs/2019Natur.565..202T},
      adsnote = {Provided by the SAO/NASA Astrophysics Data System}
}

@INPROCEEDINGS{2017ASPC..509...59O,
       author = {{Oswalt}, T.~D. and {Holberg}, J. and {Sion}, E.},
        title = "{Completeness of the Nearby White Dwarfs Sample: Let Us Count the Ways}",
     keywords = {Astrophysics - Solar and Stellar Astrophysics},
    booktitle = {20th European White Dwarf Workshop},
         year = 2017,
       editor = {{Tremblay}, P. -E. and {Gaensicke}, B. and {Marsh}, T.},
       series = {Astronomical Society of the Pacific Conference Series},
       volume = {509},
        month = mar,
        pages = {59},
          doi = {10.48550/arXiv.1610.06600},
archivePrefix = {arXiv},
       eprint = {1610.06600},
 primaryClass = {astro-ph.SR},
       adsurl = {https://ui.adsabs.harvard.edu/abs/2017ASPC..509...59O},
      adsnote = {Provided by the SAO/NASA Astrophysics Data System}
}

@INPROCEEDINGS{2018IAUS..330..148B,
       author = {{Bernard}, Edouard J.},
        title = "{Gaia DR1 completeness within 250 pc \& star formation history of the Solar neighbourhood}",
     keywords = {Hertzsprung-Russell diagram, Galaxy: disk, Galaxy: evolution, Galaxy: formation, solar neighbourhood, Astrophysics - Astrophysics of Galaxies},
    booktitle = {Astrometry and Astrophysics in the Gaia Sky},
         year = 2018,
       editor = {{Recio-Blanco}, A. and {de Laverny}, P. and {Brown}, A.~G.~A. and {Prusti}, T.},
       volume = {330},
        month = apr,
        pages = {148-151},
          doi = {10.1017/S1743921317006159},
archivePrefix = {arXiv},
       eprint = {1801.01427},
 primaryClass = {astro-ph.GA},
       adsurl = {https://ui.adsabs.harvard.edu/abs/2018IAUS..330..148B},
      adsnote = {Provided by the SAO/NASA Astrophysics Data System}
}


@software{marco_c_lam_2022_6595029,
    author       = {Marco C Lam and
                    K Yuen},
    title        = {WDPhotTools â€“ a white dwarf photometric toolkit in Python},
    month        = may,
    year         = 2022,
    publisher    = {Zenodo},
    doi          = {10.5281/zenodo.6595029},
    url          = {https://doi.org/10.5281/zenodo.6595029}
}

@ARTICLE{2005ApJS..159..141V,
       author = {{Valenti}, Jeff A. and {Fischer}, Debra A.},
        title = "{Spectroscopic Properties of Cool Stars (SPOCS). I. 1040 F, G, and K Dwarfs from Keck, Lick, and AAT Planet Search Programs}",
      journal = {\apjs},
     keywords = {Catalogs, Stars: Abundances, Stars: Fundamental Parameters, Stars: Late-Type, Techniques: Spectroscopic},
         year = 2005,
        month = jul,
       volume = {159},
       number = {1},
        pages = {141-166},
          doi = {10.1086/430500},
       adsurl = {https://ui.adsabs.harvard.edu/abs/2005ApJS..159..141V},
      adsnote = {Provided by the SAO/NASA Astrophysics Data System}
}

@ARTICLE{2019ApJ...887..148F,
       author = {{Fantin}, Nicholas J. and {C{\^o}t{\'e}}, Patrick and {McConnachie}, Alan W. and {Bergeron}, Pierre and {Cuillandre}, Jean-Charles and {Gwyn}, Stephen D.~J. and {Ibata}, Rodrigo A. and {Thomas}, Guillaume F. and {Carlberg}, Raymond G. and {Fabbro}, S{\'e}bastien and {Haywood}, Misha and {Lan{\c{c}}on}, Ariane and {Lewis}, Geraint F. and {Malhan}, Khyati and {Martin}, Nicolas F. and {Navarro}, Julio F. and {Scott}, Douglas and {Starkenburg}, Else},
        title = "{The Canada-France Imaging Survey: Reconstructing the Milky Way Star Formation History from Its White Dwarf Population}",
      journal = {\apj},
     keywords = {White dwarf stars, the Milky Way, Milky Way evolution, 1799, 1059, 1052, Astrophysics - Astrophysics of Galaxies},
         year = 2019,
        month = dec,
       volume = {887},
       number = {2},
          eid = {148},
        pages = {148},
          doi = {10.3847/1538-4357/ab5521},
archivePrefix = {arXiv},
       eprint = {1911.02576},
 primaryClass = {astro-ph.GA},
       adsurl = {https://ui.adsabs.harvard.edu/abs/2019ApJ...887..148F},
      adsnote = {Provided by the SAO/NASA Astrophysics Data System}
}

@INPROCEEDINGS{1980SPIE..264..171T,
       author = {{Tody}, D.},
        title = "{Stellar photometry in crowded fields}",
     keywords = {Astronomical Photometry, Data Smoothing, Digital Data, Image Processing, Imaging Techniques, Point Spread Functions, Star Distribution, Curve Fitting, Stellar Magnitude, Astronomy},
    booktitle = {Conference on Applications of Digital Image Processing to Astronomy},
         year = 1980,
       editor = {{Elliott}, D.~A.},
       series = {Society of Photo-Optical Instrumentation Engineers (SPIE) Conference Series},
       volume = {264},
        month = jan,
        pages = {171-179},
          doi = {10.1117/12.959800},
       adsurl = {https://ui.adsabs.harvard.edu/abs/1980SPIE..264..171T},
      adsnote = {Provided by the SAO/NASA Astrophysics Data System}
}

@ARTICLE{1987PASP...99..191S,
       author = {{Stetson}, Peter B.},
        title = "{DAOPHOT: A Computer Program for Crowded-Field Stellar Photometry}",
      journal = {\pasp},
     keywords = {Algorithms, Astronomical Photometry, Computer Programs, Charge Coupled Devices, Color-Magnitude Diagram, Magellanic Clouds, Point Spread Functions, Television Cameras, COMPUTER PROGRAMMING AND SOFTWARE, data-handling techniques, photometry (general)},
         year = 1987,
        month = mar,
       volume = {99},
        pages = {191},
          doi = {10.1086/131977},
       adsurl = {https://ui.adsabs.harvard.edu/abs/1987PASP...99..191S},
      adsnote = {Provided by the SAO/NASA Astrophysics Data System}
}

@ARTICLE{2016ApJ...830...27Z,
       author = {{Zackay}, Barak and {Ofek}, Eran O. and {Gal-Yam}, Avishay},
        title = "{Proper Image Subtraction{\textemdash}Optimal Transient Detection, Photometry, and Hypothesis Testing}",
      journal = {\apj},
     keywords = {gravitational lensing: micro, methods: data analysis, methods: statistical, surveys, techniques: image processing, techniques: photometric, Astrophysics - Instrumentation and Methods for Astrophysics},
         year = 2016,
        month = oct,
       volume = {830},
       number = {1},
          eid = {27},
        pages = {27},
          doi = {10.3847/0004-637X/830/1/27},
archivePrefix = {arXiv},
       eprint = {1601.02655},
 primaryClass = {astro-ph.IM},
       adsurl = {https://ui.adsabs.harvard.edu/abs/2016ApJ...830...27Z},
      adsnote = {Provided by the SAO/NASA Astrophysics Data System}
}

@MISC{2015ascl.soft04004B,
       author = {{Becker}, Andrew},
        title = "{HOTPANTS: High Order Transform of PSF ANd Template Subtraction}",
     keywords = {Software},
 howpublished = {Astrophysics Source Code Library, record ascl:1504.004},
         year = 2015,
        month = apr,
          eid = {ascl:1504.004},
        pages = {ascl:1504.004},
archivePrefix = {ascl},
       eprint = {1504.004},
       adsurl = {https://ui.adsabs.harvard.edu/abs/2015ascl.soft04004B},
      adsnote = {Provided by the SAO/NASA Astrophysics Data System}
}

@ARTICLE{2008MNRAS.386L..77B,
       author = {{Bramich}, D.~M.},
        title = "{A new algorithm for difference image analysis}",
      journal = {\mnras},
     keywords = {methods: statistical, techniques: image processing, techniques: photometric, Astrophysics},
         year = 2008,
        month = may,
       volume = {386},
       number = {1},
        pages = {L77-L81},
          doi = {10.1111/j.1745-3933.2008.00464.x},
archivePrefix = {arXiv},
       eprint = {0802.1273},
 primaryClass = {astro-ph},
       adsurl = {https://ui.adsabs.harvard.edu/abs/2008MNRAS.386L..77B},
      adsnote = {Provided by the SAO/NASA Astrophysics Data System}
}

@ARTICLE{2009MNRAS.397.2099A,
       author = {{Albrow}, M.~D. and {Horne}, K. and {Bramich}, D.~M. and {Fouqu{\'e}}, P. and {Miller}, V.~R. and {Beaulieu}, J. -P. and {Coutures}, C. and {Menzies}, J. and {Williams}, A. and {Batista}, V. and {Bennett}, D.~P. and {Brillant}, S. and {Cassan}, A. and {Dieters}, S. and {Dominis Prester}, D. and {Donatowicz}, J. and {Greenhill}, J. and {Kains}, N. and {Kane}, S.~R. and {Kubas}, D. and {Marquette}, J.~B. and {Pollard}, K.~R. and {Sahu}, K.~C. and {Tsapras}, Y. and {Wambsganss}, J. and {Zub}, M.},
        title = "{Difference imaging photometry of blended gravitational microlensing events with a numerical kernel}",
      journal = {\mnras},
     keywords = {methods: statistical, techniques: image processing, techniques: photometric, Astrophysics - Solar and Stellar Astrophysics, Astrophysics - Instrumentation and Methods for Astrophysics},
         year = 2009,
        month = aug,
       volume = {397},
       number = {4},
        pages = {2099-2105},
          doi = {10.1111/j.1365-2966.2009.15098.x},
archivePrefix = {arXiv},
       eprint = {0905.3003},
 primaryClass = {astro-ph.SR},
       adsurl = {https://ui.adsabs.harvard.edu/abs/2009MNRAS.397.2099A},
      adsnote = {Provided by the SAO/NASA Astrophysics Data System}
}

@ARTICLE{1998ApJ...503..325A,
       author = {{Alard}, C. and {Lupton}, Robert H.},
        title = "{A Method for Optimal Image Subtraction}",
      journal = {\apj},
     keywords = {METHODS: DATA ANALYSIS, METHODS: STATISTICAL, TECHNIQUES: IMAGE PROCESSING, Methods: Data Analysis, Methods: Statistical, Techniques: Image Processing, Astrophysics},
         year = 1998,
        month = aug,
       volume = {503},
       number = {1},
        pages = {325-331},
          doi = {10.1086/305984},
archivePrefix = {arXiv},
       eprint = {astro-ph/9712287},
 primaryClass = {astro-ph},
       adsurl = {https://ui.adsabs.harvard.edu/abs/1998ApJ...503..325A},
      adsnote = {Provided by the SAO/NASA Astrophysics Data System}
}

@ARTICLE{1986PASP...98..609H,
       author = {{Horne}, K.},
        title = "{An optimal extraction algorithm for CCD spectroscopy.}",
      journal = {\pasp},
     keywords = {Astronomical Spectroscopy, Charge Coupled Devices, Data Reduction, Spectrum Analysis, Image Processing, Iteration, Optimization, Spatial Resolution, Stellar Spectra, Variance (Statistics), Instrumentation and Photography},
         year = 1986,
        month = jun,
       volume = {98},
        pages = {609-617},
          doi = {10.1086/131801},
       adsurl = {https://ui.adsabs.harvard.edu/abs/1986PASP...98..609H},
      adsnote = {Provided by the SAO/NASA Astrophysics Data System}
}

@ARTICLE{1989PASP..101.1032M,
       author = {{Marsh}, T.~R.},
        title = "{The Extraction of Highly Distorted Spectra}",
      journal = {\pasp},
     keywords = {Astronomical Spectroscopy, Data Reduction, Point Sources, Charge Coupled Devices, Pixels, Signal To Noise Ratios, Astronomy, ANALYTICAL METHODS},
         year = 1989,
        month = nov,
       volume = {101},
        pages = {1032},
          doi = {10.1086/132570},
       adsurl = {https://ui.adsabs.harvard.edu/abs/1989PASP..101.1032M},
      adsnote = {Provided by the SAO/NASA Astrophysics Data System}
}

@ARTICLE{2003PASP..115..688K,
       author = {{Kelson}, Daniel D.},
        title = "{Optimal Techniques in Two-dimensional Spectroscopy: Background Subtraction for the 21st Century}",
      journal = {\pasp},
     keywords = {Methods: Data Analysis, Techniques: Spectroscopic, Astrophysics},
         year = 2003,
        month = jun,
       volume = {115},
       number = {808},
        pages = {688-699},
          doi = {10.1086/375502},
archivePrefix = {arXiv},
       eprint = {astro-ph/0303507},
 primaryClass = {astro-ph},
       adsurl = {https://ui.adsabs.harvard.edu/abs/2003PASP..115..688K},
      adsnote = {Provided by the SAO/NASA Astrophysics Data System}
}



@ARTICLE{2015MNRAS.450.4098L,
       author = {{Lam}, Marco C. and {Rowell}, Nicholas and {Hambly}, Nigel C.},
        title = "{A maximum volume density estimator generalized over a proper motion-limited sample}",
      journal = {\mnras},
     keywords = {methods: statistical, proper motions, stars: kinematics and dynamics, stars: luminosity function, mass function, white dwarfs, solar neighbourhood, Astrophysics - Astrophysics of Galaxies},
         year = 2015,
        month = jul,
       volume = {450},
       number = {4},
        pages = {4098-4108},
          doi = {10.1093/mnras/stv876},
archivePrefix = {arXiv},
       eprint = {1504.04643},
 primaryClass = {astro-ph.GA},
       adsurl = {https://ui.adsabs.harvard.edu/abs/2015MNRAS.450.4098L},
      adsnote = {Provided by the SAO/NASA Astrophysics Data System}
}


@ARTICLE{2016arXiv161205560C,
       author = {{Chambers}, K.~C. and {Magnier}, E.~A. and {Metcalfe}, N. and {Flewelling}, H.~A. and {Huber}, M.~E. and {Waters}, C.~Z. and {Denneau}, L. and {Draper}, P.~W. and {Farrow}, D. and {Finkbeiner}, D.~P. and {Holmberg}, C. and {Koppenhoefer}, J. and {Price}, P.~A. and {Rest}, A. and {Saglia}, R.~P. and {Schlafly}, E.~F. and {Smartt}, S.~J. and {Sweeney}, W. and {Wainscoat}, R.~J. and {Burgett}, W.~S. and {Chastel}, S. and {Grav}, T. and {Heasley}, J.~N. and {Hodapp}, K.~W. and {Jedicke}, R. and {Kaiser}, N. and {Kudritzki}, R. -P. and {Luppino}, G.~A. and {Lupton}, R.~H. and {Monet}, D.~G. and {Morgan}, J.~S. and {Onaka}, P.~M. and {Shiao}, B. and {Stubbs}, C.~W. and {Tonry}, J.~L. and {White}, R. and {Ba{\~n}ados}, E. and {Bell}, E.~F. and {Bender}, R. and {Bernard}, E.~J. and {Boegner}, M. and {Boffi}, F. and {Botticella}, M.~T. and {Calamida}, A. and {Casertano}, S. and {Chen}, W. -P. and {Chen}, X. and {Cole}, S. and {Deacon}, N. and {Frenk}, C. and {Fitzsimmons}, A. and {Gezari}, S. and {Gibbs}, V. and {Goessl}, C. and {Goggia}, T. and {Gourgue}, R. and {Goldman}, B. and {Grant}, P. and {Grebel}, E.~K. and {Hambly}, N.~C. and {Hasinger}, G. and {Heavens}, A.~F. and {Heckman}, T.~M. and {Henderson}, R. and {Henning}, T. and {Holman}, M. and {Hopp}, U. and {Ip}, W. -H. and {Isani}, S. and {Jackson}, M. and {Keyes}, C.~D. and {Koekemoer}, A.~M. and {Kotak}, R. and {Le}, D. and {Liska}, D. and {Long}, K.~S. and {Lucey}, J.~R. and {Liu}, M. and {Martin}, N.~F. and {Masci}, G. and {McLean}, B. and {Mindel}, E. and {Misra}, P. and {Morganson}, E. and {Murphy}, D.~N.~A. and {Obaika}, A. and {Narayan}, G. and {Nieto-Santisteban}, M.~A. and {Norberg}, P. and {Peacock}, J.~A. and {Pier}, E.~A. and {Postman}, M. and {Primak}, N. and {Rae}, C. and {Rai}, A. and {Riess}, A. and {Riffeser}, A. and {Rix}, H.~W. and {R{\"o}ser}, S. and {Russel}, R. and {Rutz}, L. and {Schilbach}, E. and {Schultz}, A.~S.~B. and {Scolnic}, D. and {Strolger}, L. and {Szalay}, A. and {Seitz}, S. and {Small}, E. and {Smith}, K.~W. and {Soderblom}, D.~R. and {Taylor}, P. and {Thomson}, R. and {Taylor}, A.~N. and {Thakar}, A.~R. and {Thiel}, J. and {Thilker}, D. and {Unger}, D. and {Urata}, Y. and {Valenti}, J. and {Wagner}, J. and {Walder}, T. and {Walter}, F. and {Watters}, S.~P. and {Werner}, S. and {Wood-Vasey}, W.~M. and {Wyse}, R.},
        title = "{The Pan-STARRS1 Surveys}",
      journal = {arXiv e-prints},
     keywords = {Astrophysics - Instrumentation and Methods for Astrophysics, Astrophysics - Earth and Planetary Astrophysics, Astrophysics - Astrophysics of Galaxies, Astrophysics - Solar and Stellar Astrophysics},
         year = 2016,
        month = dec,
          eid = {arXiv:1612.05560},
        pages = {arXiv:1612.05560},
          doi = {10.48550/arXiv.1612.05560},
archivePrefix = {arXiv},
       eprint = {1612.05560},
 primaryClass = {astro-ph.IM},
       adsurl = {https://ui.adsabs.harvard.edu/abs/2016arXiv161205560C},
      adsnote = {Provided by the SAO/NASA Astrophysics Data System}
}

@ARTICLE{2017ApJ...848..128I,
       author = {{Ibata}, Rodrigo A. and {McConnachie}, Alan and {Cuillandre}, Jean-Charles and {Fantin}, Nicholas and {Haywood}, Misha and {Martin}, Nicolas F. and {Bergeron}, Pierre and {Beckmann}, Volker and {Bernard}, Edouard and {Bonifacio}, Piercarlo and {Caffau}, Elisabetta and {Carlberg}, Raymond and {C{\^o}t{\'e}}, Patrick and {Cabanac}, R{\'e}mi and {Chapman}, Scott and {Duc}, Pierre-Alain and {Durret}, Florence and {Famaey}, Beno{\^\i}t and {Fabbro}, S{\'e}bastien and {Gwyn}, Stephen and {Hammer}, Francois and {Hill}, Vanessa and {Hudson}, Michael J. and {Lan{\c{c}}on}, Ariane and {Lewis}, Geraint and {Malhan}, Khyati and {di Matteo}, Paola and {McCracken}, Henry and {Mei}, Simona and {Mellier}, Yannick and {Navarro}, Julio and {Pires}, Sandrine and {Pritchet}, Chris and {Reyl{\'e}}, Celine and {Richer}, Harvey and {Robin}, Annie C. and {S{\'a}nchez-Janssen}, Rub{\'e}n and {Sawicki}, Marcin and {Scott}, Douglas and {Scottez}, Vivien and {Spekkens}, Kristine and {Starkenburg}, Else and {Thomas}, Guillaume and {Venn}, Kim},
        title = "{The Canada-France Imaging Survey: First Results from the u-Band Component}",
      journal = {\apj},
     keywords = {galaxies: formation, Galaxy: halo, Galaxy: stellar content, Galaxy: structure, surveys, white dwarfs, Astrophysics - Astrophysics of Galaxies},
         year = 2017,
        month = oct,
       volume = {848},
       number = {2},
          eid = {128},
        pages = {128},
          doi = {10.3847/1538-4357/aa855c},
archivePrefix = {arXiv},
       eprint = {1708.06356},
 primaryClass = {astro-ph.GA},
       adsurl = {https://ui.adsabs.harvard.edu/abs/2017ApJ...848..128I},
      adsnote = {Provided by the SAO/NASA Astrophysics Data System}
}


@ARTICLE{2019Natur.565..202T,
       author = {{Tremblay}, Pier-Emmanuel and {Fontaine}, Gilles and {Gentile Fusillo}, Nicola Pietro and {Dunlap}, Bart H. and {G{\"a}nsicke}, Boris T. and {Hollands}, Mark A. and {Hermes}, J.~J. and {Marsh}, Thomas R. and {Cukanovaite}, Elena and {Cunningham}, Tim},
        title = "{Core crystallization and pile-up in the cooling sequence of evolving white dwarfs}",
      journal = {\nat},
     keywords = {Astrophysics - Solar and Stellar Astrophysics},
         year = 2019,
        month = jan,
       volume = {565},
       number = {7738},
        pages = {202-205},
          doi = {10.1038/s41586-018-0791-x},
archivePrefix = {arXiv},
       eprint = {1908.00370},
 primaryClass = {astro-ph.SR},
       adsurl = {https://ui.adsabs.harvard.edu/abs/2019Natur.565..202T},
      adsnote = {Provided by the SAO/NASA Astrophysics Data System}
}


@ARTICLE{2019A&A...624L...1M,
       author = {{Mor}, R. and {Robin}, A.~C. and {Figueras}, F. and {Roca-F{\`a}brega}, S. and {Luri}, X.},
        title = "{Gaia DR2 reveals a star formation burst in the disc 2-3 Gyr ago}",
      journal = {\aap},
     keywords = {Galaxy: evolution, Galaxy: disk, Galaxy: stellar content, Hertzsprung-Russell and C-M diagrams, stars: luminosity function, mass function, galaxies: interactions, Astrophysics - Astrophysics of Galaxies},
         year = 2019,
        month = apr,
       volume = {624},
          eid = {L1},
        pages = {L1},
          doi = {10.1051/0004-6361/201935105},
archivePrefix = {arXiv},
       eprint = {1901.07564},
 primaryClass = {astro-ph.GA},
       adsurl = {https://ui.adsabs.harvard.edu/abs/2019A&A...624L...1M},
      adsnote = {Provided by the SAO/NASA Astrophysics Data System}
}


@ARTICLE{2019ApJ...887..148F,
       author = {{Fantin}, Nicholas J. and {C{\^o}t{\'e}}, Patrick and {McConnachie}, Alan W. and {Bergeron}, Pierre and {Cuillandre}, Jean-Charles and {Gwyn}, Stephen D.~J. and {Ibata}, Rodrigo A. and {Thomas}, Guillaume F. and {Carlberg}, Raymond G. and {Fabbro}, S{\'e}bastien and {Haywood}, Misha and {Lan{\c{c}}on}, Ariane and {Lewis}, Geraint F. and {Malhan}, Khyati and {Martin}, Nicolas F. and {Navarro}, Julio F. and {Scott}, Douglas and {Starkenburg}, Else},
        title = "{The Canada-France Imaging Survey: Reconstructing the Milky Way Star Formation History from Its White Dwarf Population}",
      journal = {\apj},
     keywords = {White dwarf stars, the Milky Way, Milky Way evolution, 1799, 1059, 1052, Astrophysics - Astrophysics of Galaxies},
         year = 2019,
        month = dec,
       volume = {887},
       number = {2},
          eid = {148},
        pages = {148},
          doi = {10.3847/1538-4357/ab5521},
archivePrefix = {arXiv},
       eprint = {1911.02576},
 primaryClass = {astro-ph.GA},
       adsurl = {https://ui.adsabs.harvard.edu/abs/2019ApJ...887..148F},
      adsnote = {Provided by the SAO/NASA Astrophysics Data System}
}


@ARTICLE{2007ApJ...665..767R,
       author = {{Reid}, I. Neill and {Turner}, Edwin L. and {Turnbull}, Margaret C. and {Mountain}, M. and {Valenti}, Jeff A.},
        title = "{Searching for Earth Analogs Around the Nearest Stars: The Disk Age-Metallicity Relation and the Age Distribution in the Solar Neighborhood}",
      journal = {\apj},
     keywords = {Galaxy: Stellar Content, Stars: Planetary Systems, Galaxy: Solar Neighborhood, Astrophysics},
         year = 2007,
        month = aug,
       volume = {665},
       number = {1},
        pages = {767-784},
          doi = {10.1086/519001},
archivePrefix = {arXiv},
       eprint = {0704.2420},
 primaryClass = {astro-ph},
       adsurl = {https://ui.adsabs.harvard.edu/abs/2007ApJ...665..767R},
      adsnote = {Provided by the SAO/NASA Astrophysics Data System}
}


@ARTICLE{2022Natur.603..599X,
       author = {{Xiang}, Maosheng and {Rix}, Hans-Walter},
        title = "{A time-resolved picture of our Milky Way's early formation history}",
      journal = {\nat},
     keywords = {Astrophysics - Astrophysics of Galaxies},
         year = 2022,
        month = mar,
       volume = {603},
       number = {7902},
        pages = {599-603},
          doi = {10.1038/s41586-022-04496-5},
archivePrefix = {arXiv},
       eprint = {2203.12110},
 primaryClass = {astro-ph.GA},
       adsurl = {https://ui.adsabs.harvard.edu/abs/2022Natur.603..599X},
      adsnote = {Provided by the SAO/NASA Astrophysics Data System}
}


@ARTICLE{2006AJ....132.1221H,
       author = {{Holberg}, J.~B. and {Bergeron}, Pierre},
        title = "{Calibration of Synthetic Photometry Using DA White Dwarfs}",
      journal = {\aj},
     keywords = {Standards, Stars: Fundamental Parameters, Stars: Individual: Name: Vega, Techniques: Photometric, Stars: White Dwarfs},
         year = 2006,
        month = sep,
       volume = {132},
       number = {3},
        pages = {1221-1233},
          doi = {10.1086/505938},
       adsurl = {https://ui.adsabs.harvard.edu/abs/2006AJ....132.1221H},
      adsnote = {Provided by the SAO/NASA Astrophysics Data System}
}

@ARTICLE{2014ApJ...796..128G,
       author = {{Genest-Beaulieu}, C. and {Bergeron}, P.},
        title = "{Comparison of Atmospheric Parameters Determined from Spectroscopy and Photometry for DA White Dwarfs in the Sloan Digital Sky Survey}",
      journal = {\apj},
     keywords = {stars: fundamental parameters, techniques: photometric, techniques: spectroscopic, white dwarfs, Astrophysics - Solar and Stellar Astrophysics},
         year = 2014,
        month = dec,
       volume = {796},
       number = {2},
          eid = {128},
        pages = {128},
          doi = {10.1088/0004-637X/796/2/128},
archivePrefix = {arXiv},
       eprint = {1410.5255},
 primaryClass = {astro-ph.SR},
       adsurl = {https://ui.adsabs.harvard.edu/abs/2014ApJ...796..128G},
      adsnote = {Provided by the SAO/NASA Astrophysics Data System}
}


@ARTICLE{2021MNRAS.507.4646K,
       author = {{Kepler}, S.~O. and {Koester}, Detlev and {Pelisoli}, Ingrid and {Romero}, Alejandra D. and {Ourique}, Gustavo},
        title = "{White dwarf and subdwarf stars in the Sloan Digital Sky Survey Data Release 16}",
      journal = {\mnras},
     keywords = {catalogues, subdwarfs, white dwarfs, Astrophysics - Solar and Stellar Astrophysics, Astrophysics - Astrophysics of Galaxies},
         year = 2021,
        month = nov,
       volume = {507},
       number = {3},
        pages = {4646-4660},
          doi = {10.1093/mnras/stab2411},
archivePrefix = {arXiv},
       eprint = {2108.10915},
 primaryClass = {astro-ph.SR},
       adsurl = {https://ui.adsabs.harvard.edu/abs/2021MNRAS.507.4646K},
      adsnote = {Provided by the SAO/NASA Astrophysics Data System}
}

@ARTICLE{2021A&A...649A...6G,
       author = {{Gaia Collaboration} and {Smart}, R.~L. and {Sarro}, L.~M. and {Rybizki}, J. and {Reyl{\'e}}, C. and {Robin}, A.~C. and {Hambly}, N.~C. and {Abbas}, U. and {Barstow}, M.~A. and {de Bruijne}, J.~H.~J. and et al.},
        title = "{Gaia Early Data Release 3. The Gaia Catalogue of Nearby Stars}",
      journal = {\aap},
     keywords = {catalogs, astrometry, stars: luminosity function, mass function, Hertzsprung-Russell and C-M diagrams, stars: low-mass, solar neighborhood, Astrophysics - Solar and Stellar Astrophysics, Astrophysics - Astrophysics of Galaxies},
         year = 2021,
        month = may,
       volume = {649},
          eid = {A6},
        pages = {A6},
          doi = {10.1051/0004-6361/202039498},
archivePrefix = {arXiv},
       eprint = {2012.02061},
 primaryClass = {astro-ph.SR},
       adsurl = {https://ui.adsabs.harvard.edu/abs/2021A&A...649A...6G},
      adsnote = {Provided by the SAO/NASA Astrophysics Data System}
}

@ARTICLE{2021A&A...649A...2L,
       author = {{Lindegren}, L. and {Klioner}, S.~A. and {Hern{\'a}ndez}, J. and {Bombrun}, A. and {Ramos-Lerate}, M. and {Steidelm{\"u}ller}, H. and {Bastian}, U. and {Biermann}, M. and {de Torres}, A. and {Gerlach}, E. and {Geyer}, R. and {Hilger}, T. and {Hobbs}, D. and {Lammers}, U. and {McMillan}, P.~J. and {Stephenson}, C.~A. and {Casta{\~n}eda}, J. and {Davidson}, M. and {Fabricius}, C. and {Gracia-Abril}, G. and {Portell}, J. and {Rowell}, N. and {Teyssier}, D. and {Torra}, F. and {Bartolom{\'e}}, S. and {Clotet}, M. and {Garralda}, N. and {Gonz{\'a}lez-Vidal}, J.~J. and {Torra}, J. and {Abbas}, U. and {Altmann}, M. and {Anglada Varela}, E. and {Balaguer-N{\'u}{\~n}ez}, L. and {Balog}, Z. and {Barache}, C. and {Becciani}, U. and {Bernet}, M. and {Bertone}, S. and {Bianchi}, L. and {Bouquillon}, S. and {Brown}, A.~G.~A. and {Bucciarelli}, B. and {Busonero}, D. and {Butkevich}, A.~G. and {Buzzi}, R. and {Cancelliere}, R. and {Carlucci}, T. and {Charlot}, P. and {Cioni}, M. -R.~L. and {Crosta}, M. and {Crowley}, C. and {del Peloso}, E.~F. and {del Pozo}, E. and {Drimmel}, R. and {Esquej}, P. and {Fienga}, A. and {Fraile}, E. and {Gai}, M. and {Garcia-Reinaldos}, M. and {Guerra}, R. and {Hambly}, N.~C. and {Hauser}, M. and {Jan{\ss}en}, K. and {Jordan}, S. and {Kostrzewa-Rutkowska}, Z. and {Lattanzi}, M.~G. and {Liao}, S. and {Licata}, E. and {Lister}, T.~A. and {L{\"o}ffler}, W. and {Marchant}, J.~M. and {Masip}, A. and {Mignard}, F. and {Mints}, A. and {Molina}, D. and {Mora}, A. and {Morbidelli}, R. and {Murphy}, C.~P. and {Pagani}, C. and {Panuzzo}, P. and {Pe{\~n}alosa Esteller}, X. and {Poggio}, E. and {Re Fiorentin}, P. and {Riva}, A. and {Sagrist{\`a} Sell{\'e}s}, A. and {Sanchez Gimenez}, V. and {Sarasso}, M. and {Sciacca}, E. and {Siddiqui}, H.~I. and {Smart}, R.~L. and {Souami}, D. and {Spagna}, A. and {Steele}, I.~A. and {Taris}, F. and {Utrilla}, E. and {van Reeven}, W. and {Vecchiato}, A.},
        title = "{Gaia Early Data Release 3. The astrometric solution}",
      journal = {\aap},
     keywords = {astrometry, parallaxes, proper motions, methods: data analysis, space vehicles: instruments, Astrophysics - Instrumentation and Methods for Astrophysics},
         year = 2021,
        month = may,
       volume = {649},
          eid = {A2},
        pages = {A2},
          doi = {10.1051/0004-6361/202039709},
archivePrefix = {arXiv},
       eprint = {2012.03380},
 primaryClass = {astro-ph.IM},
       adsurl = {https://ui.adsabs.harvard.edu/abs/2021A&A...649A...2L},
      adsnote = {Provided by the SAO/NASA Astrophysics Data System}
}


@ARTICLE{2021A&A...649A...1G,
       author = {{Gaia Collaboration} and {Brown}, A.~G.~A. and {Vallenari}, A. and {Prusti}, T. and {de Bruijne}, J.~H.~J. and {Babusiaux}, C. and {Biermann}, M. and {Creevey}, O.~L. and {Evans}, D.~W. and {Eyer}, L. and et al.},
        title = "{Gaia Early Data Release 3. Summary of the contents and survey properties}",
      journal = {\aap},
     keywords = {catalogs, astrometry, parallaxes, proper motions, techniques: photometric, techniques: radial velocities, Astrophysics - Astrophysics of Galaxies},
         year = 2021,
        month = may,
       volume = {649},
          eid = {A1},
        pages = {A1},
          doi = {10.1051/0004-6361/202039657},
archivePrefix = {arXiv},
       eprint = {2012.01533},
 primaryClass = {astro-ph.GA},
       adsurl = {https://ui.adsabs.harvard.edu/abs/2021A&A...649A...1G},
      adsnote = {Provided by the SAO/NASA Astrophysics Data System}
}

@ARTICLE{2021AJ....161..147B,
       author = {{Bailer-Jones}, C.~A.~L. and {Rybizki}, J. and {Fouesneau}, M. and {Demleitner}, M. and {Andrae}, R.},
        title = "{Estimating Distances from Parallaxes. V. Geometric and Photogeometric Distances to 1.47 Billion Stars in Gaia Early Data Release 3}",
      journal = {\aj},
     keywords = {Catalogs, Galaxy structure, Bayesian statistics, Parallax, Stellar parallax, Photometric parallax, Distance indicators, Astrometry, Markov chain Monte Carlo, Absolute magnitude, 205, 622, 1900, 1197, 1618, 1231, 394, 80, 1889, 10, Astrophysics - Solar and Stellar Astrophysics, Astrophysics - Astrophysics of Galaxies},
         year = 2021,
        month = mar,
       volume = {161},
       number = {3},
          eid = {147},
        pages = {147},
          doi = {10.3847/1538-3881/abd806},
archivePrefix = {arXiv},
       eprint = {2012.05220},
 primaryClass = {astro-ph.SR},
       adsurl = {https://ui.adsabs.harvard.edu/abs/2021AJ....161..147B},
      adsnote = {Provided by the SAO/NASA Astrophysics Data System}
}

@ARTICLE{2019ApJ...882..106G,
       author = {{Genest-Beaulieu}, C. and {Bergeron}, P.},
        title = "{A Photometric and Spectroscopic Investigation of the DB White Dwarf Population Using SDSS and Gaia Data}",
      journal = {\apj},
     keywords = {stars: evolution, stars: fundamental parameters, techniques: photometric, techniques: spectroscopic, white dwarfs, Astrophysics - Solar and Stellar Astrophysics},
         year = 2019,
        month = sep,
       volume = {882},
       number = {2},
          eid = {106},
        pages = {106},
          doi = {10.3847/1538-4357/ab379e},
archivePrefix = {arXiv},
       eprint = {1908.01728},
 primaryClass = {astro-ph.SR},
       adsurl = {https://ui.adsabs.harvard.edu/abs/2019ApJ...882..106G},
      adsnote = {Provided by the SAO/NASA Astrophysics Data System}
}

@ARTICLE{2019ApJ...871..169G,
       author = {{Genest-Beaulieu}, C. and {Bergeron}, P.},
        title = "{A Comprehensive Spectroscopic and Photometric Analysis of DA and DB White Dwarfs from SDSS and Gaia}",
      journal = {\apj},
     keywords = {stars: fundamental parameters, techniques: photometric, techniques: spectroscopic, white dwarfs},
         year = 2019,
        month = feb,
       volume = {871},
       number = {2},
          eid = {169},
        pages = {169},
          doi = {10.3847/1538-4357/aafac6},
       adsurl = {https://ui.adsabs.harvard.edu/abs/2019ApJ...871..169G},
      adsnote = {Provided by the SAO/NASA Astrophysics Data System}
}

@ARTICLE{2019MNRAS.482..715L,
       author = {{Lam}, Marco C. and {Hambly}, Nigel C. and {Rowell}, Nicholas and {Chambers}, Kenneth C. and {Goldman}, Bertrand and {Hodapp}, Klaus W. and {Kaiser}, Nick and {Kudritzki}, Rolf-Peter and {Magnier}, Eugene A. and {Tonry}, John L. and {Wainscoat}, Richard J. and {Waters}, Christopher},
        title = "{The white dwarf luminosity functions from the Pan-STARRS 1 3{\ensuremath{\pi}} Steradian Survey}",
      journal = {\mnras},
     keywords = {surveys, proper motions, stars: luminosity function, mass function, white dwarfs, solar neighbourhood, Astrophysics - Astrophysics of Galaxies, Astrophysics - Instrumentation and Methods for Astrophysics, Astrophysics - Solar and Stellar Astrophysics},
         year = 2019,
        month = jan,
       volume = {482},
       number = {1},
        pages = {715-731},
          doi = {10.1093/mnras/sty2710},
archivePrefix = {arXiv},
       eprint = {1810.01798},
 primaryClass = {astro-ph.GA},
       adsurl = {https://ui.adsabs.harvard.edu/abs/2019MNRAS.482..715L},
      adsnote = {Provided by the SAO/NASA Astrophysics Data System}
}

@ARTICLE{1972JOSA...62...55R,
       author = {{Richardson}, William Hadley},
        title = "{Bayesian-Based Iterative Method of Image Restoration}",
      journal = {Journal of the Optical Society of America (1917-1983)},
         year = 1972,
        month = jan,
       volume = {62},
       number = {1},
        pages = {55},
       adsurl = {https://ui.adsabs.harvard.edu/abs/1972JOSA...62...55R},
      adsnote = {Provided by the SAO/NASA Astrophysics Data System}
}

@ARTICLE{1974AJ.....79..745L,
       author = {{Lucy}, L.~B.},
        title = "{An iterative technique for the rectification of observed distributions}",
      journal = {\aj},
         year = 1974,
        month = jun,
       volume = {79},
        pages = {745},
          doi = {10.1086/111605},
       adsurl = {https://ui.adsabs.harvard.edu/abs/1974AJ.....79..745L},
      adsnote = {Provided by the SAO/NASA Astrophysics Data System}
}

@ARTICLE{2015A&A...582A..15M,
       author = {{Merlin}, E. and {Fontana}, A. and {Ferguson}, H.~C. and {Dunlop}, J.~S. and {Elbaz}, D. and {Bourne}, N. and {Bruce}, V.~A. and {Buitrago}, F. and {Castellano}, M. and {Schreiber}, C. and {Grazian}, A. and {McLure}, R.~J. and {Okumura}, K. and {Shu}, X. and {Wang}, T. and {Amor{\'\i}n}, R. and {Boutsia}, K. and {Cappelluti}, N. and {Comastri}, A. and {Derriere}, S. and {Faber}, S.~M. and {Santini}, P.},
        title = "{T-PHOT: A new code for PSF-matched, prior-based, multiwavelength extragalactic deconfusion photometry}",
      journal = {\aap},
     keywords = {techniques: photometric, galaxies: photometry, Astrophysics - Instrumentation and Methods for Astrophysics, Astrophysics - Astrophysics of Galaxies},
         year = 2015,
        month = oct,
       volume = {582},
          eid = {A15},
        pages = {A15},
          doi = {10.1051/0004-6361/201526471},
archivePrefix = {arXiv},
       eprint = {1505.02516},
 primaryClass = {astro-ph.IM},
       adsurl = {https://ui.adsabs.harvard.edu/abs/2015A&A...582A..15M},
      adsnote = {Provided by the SAO/NASA Astrophysics Data System}
}

@ARTICLE{1949IEEEP..37...10S,
       author = {{Shannon}, Claude E.},
        title = "{Communication in the Presence of Noise}",
      journal = {IEEE Proceedings},
         year = 1949,
        month = jan,
       volume = {37},
        pages = {10-21},
          doi = {10.1109/JPROC.1998.659497},
       adsurl = {https://ui.adsabs.harvard.edu/abs/1949IEEEP..37...10S},
      adsnote = {Provided by the SAO/NASA Astrophysics Data System}
}

@ARTICLE{2022ApJ...934...36B,
       author = {{Bergeron}, P. and {Kilic}, Mukremin and {Blouin}, Simon and {B{\'e}dard}, A. and {Leggett}, S.~K. and {Brown}, Warren R.},
        title = "{On the Nature of Ultracool White Dwarfs: Not so Cool after All}",
      journal = {\apj},
     keywords = {White dwarf stars, Stellar properties, Hertzsprung Russell diagram, Stellar remnants, Stellar atmospheric opacity, 1799, 1624, 725, 1627, 1585, Astrophysics - Solar and Stellar Astrophysics},
         year = 2022,
        month = jul,
       volume = {934},
       number = {1},
          eid = {36},
        pages = {36},
          doi = {10.3847/1538-4357/ac76c7},
archivePrefix = {arXiv},
       eprint = {2206.03174},
 primaryClass = {astro-ph.SR},
       adsurl = {https://ui.adsabs.harvard.edu/abs/2022ApJ...934...36B},
      adsnote = {Provided by the SAO/NASA Astrophysics Data System}
}

@ARTICLE{2003PASP..115..763C,
       author = {{Chabrier}, Gilles},
        title = "{Galactic Stellar and Substellar Initial Mass Function}",
      journal = {\pasp},
     keywords = {Galaxies: Luminosity Function, Mass Function, Invited Reviews, Astrophysics},
         year = 2003,
        month = jul,
       volume = {115},
       number = {809},
        pages = {763-795},
          doi = {10.1086/376392},
archivePrefix = {arXiv},
       eprint = {astro-ph/0304382},
 primaryClass = {astro-ph},
       adsurl = {https://ui.adsabs.harvard.edu/abs/2003PASP..115..763C},
      adsnote = {Provided by the SAO/NASA Astrophysics Data System}
}

@ARTICLE{2012MNRAS.427..127B,
       author = {{Bressan}, Alessandro and {Marigo}, Paola and {Girardi}, L{\'e}o. and {Salasnich}, Bernardo and {Dal Cero}, Claudia and {Rubele}, Stefano and {Nanni}, Ambra},
        title = "{PARSEC: stellar tracks and isochrones with the PAdova and TRieste Stellar Evolution Code}",
      journal = {\mnras},
     keywords = {stars: evolution, Hertzsprung{\ensuremath{-}}Russell and colour magnitude diagrams, stars: interiors, stars: low-mass, Astrophysics - Solar and Stellar Astrophysics},
         year = 2012,
        month = nov,
       volume = {427},
       number = {1},
        pages = {127-145},
          doi = {10.1111/j.1365-2966.2012.21948.x},
archivePrefix = {arXiv},
       eprint = {1208.4498},
 primaryClass = {astro-ph.SR},
       adsurl = {https://ui.adsabs.harvard.edu/abs/2012MNRAS.427..127B},
      adsnote = {Provided by the SAO/NASA Astrophysics Data System}
}

@ARTICLE{2008MNRAS.387.1693C,
       author = {{Catal{\'a}n}, S. and {Isern}, J. and {Garc{\'\i}a-Berro}, E. and {Ribas}, I.},
        title = "{The initial-final mass relationship of white dwarfs revisited: effect on the luminosity function and mass distribution}",
      journal = {\mnras},
     keywords = {stars: evolution, stars: luminosity function, mass function, white dwarfs, open clusters and associations: general, Astrophysics},
         year = 2008,
        month = jul,
       volume = {387},
       number = {4},
        pages = {1693-1706},
          doi = {10.1111/j.1365-2966.2008.13356.x},
archivePrefix = {arXiv},
       eprint = {0804.3034},
 primaryClass = {astro-ph},
       adsurl = {https://ui.adsabs.harvard.edu/abs/2008MNRAS.387.1693C},
      adsnote = {Provided by the SAO/NASA Astrophysics Data System}
}

@ARTICLE{2020ApJ...901...93B,
       author = {{B{\'e}dard}, A. and {Bergeron}, P. and {Brassard}, P. and {Fontaine}, G.},
        title = "{On the Spectral Evolution of Hot White Dwarf Stars. I. A Detailed Model Atmosphere Analysis of Hot White Dwarfs from SDSS DR12}",
      journal = {\apj},
     keywords = {White dwarf stars, Late stellar evolution, Atmospheric composition, Stellar atmospheres, 1799, 911, 2120, 1584, Astrophysics - Solar and Stellar Astrophysics},
         year = 2020,
        month = oct,
       volume = {901},
       number = {2},
          eid = {93},
        pages = {93},
          doi = {10.3847/1538-4357/abafbe},
archivePrefix = {arXiv},
       eprint = {2008.07469},
 primaryClass = {astro-ph.SR},
       adsurl = {https://ui.adsabs.harvard.edu/abs/2020ApJ...901...93B},
      adsnote = {Provided by the SAO/NASA Astrophysics Data System}
}


@ARTICLE{1973PASP...85..573L,
       author = {{Lutz}, Thomas E. and {Kelker}, Douglas H.},
        title = "{On the Use of Trigonometric Parallaxes for the Calibration of Luminosity Systems: Theory}",
      journal = {\pasp},
         year = 1973,
        month = oct,
       volume = {85},
       number = {507},
        pages = {573},
          doi = {10.1086/129506},
       adsurl = {https://ui.adsabs.harvard.edu/abs/1973PASP...85..573L},
      adsnote = {Provided by the SAO/NASA Astrophysics Data System}
}


@INPROCEEDINGS{2017ASPC..509...25L,
       author = {{Lam}, M.~C.},
        title = "{Untangling the White Dwarf Luminosity Functions}",
     keywords = {Astrophysics - Astrophysics of Galaxies},
    booktitle = {20th European White Dwarf Workshop},
         year = 2017,
       editor = {{Tremblay}, P. -E. and {Gaensicke}, B. and {Marsh}, T.},
       series = {Astronomical Society of the Pacific Conference Series},
       volume = {509},
        month = mar,
        pages = {25},
archivePrefix = {arXiv},
       eprint = {1702.02187},
 primaryClass = {astro-ph.GA},
       adsurl = {https://ui.adsabs.harvard.edu/abs/2017ASPC..509...25L},
      adsnote = {Provided by the SAO/NASA Astrophysics Data System}
}

@ARTICLE{2017AJ....153...10M,
       author = {{Munn}, Jeffrey A. and {Harris}, Hugh C. and {von Hippel}, Ted and {Kilic}, Mukremin and {Liebert}, James W. and {Williams}, Kurtis A. and {DeGennaro}, Steven and {Jeffery}, Elizabeth and {Dame}, Kyra and {Gianninas}, A. and {Brown}, Warren R.},
        title = "{A Deep Proper Motion Catalog Within the Sloan Digital Sky Survey Footprint. II. The White Dwarf Luminosity Function}",
      journal = {\aj},
     keywords = {stars: luminosity function, mass function, white dwarfs, Astrophysics - Solar and Stellar Astrophysics, Astrophysics - Astrophysics of Galaxies},
         year = 2017,
        month = jan,
       volume = {153},
       number = {1},
          eid = {10},
        pages = {10},
          doi = {10.3847/1538-3881/153/1/10},
archivePrefix = {arXiv},
       eprint = {1611.06275},
 primaryClass = {astro-ph.SR},
       adsurl = {https://ui.adsabs.harvard.edu/abs/2017AJ....153...10M},
      adsnote = {Provided by the SAO/NASA Astrophysics Data System}
}

@ARTICLE{2013MNRAS.434.1549R,
       author = {{Rowell}, N.},
        title = "{The star formation history of the solar neighbourhood from the white dwarf luminosity function}",
      journal = {\mnras},
     keywords = {white dwarfs, Galaxy: formation, solar neighbourhood, Astrophysics - Astrophysics of Galaxies, Astrophysics - Solar and Stellar Astrophysics},
         year = 2013,
        month = sep,
       volume = {434},
       number = {2},
        pages = {1549-1564},
          doi = {10.1093/mnras/stt1110},
archivePrefix = {arXiv},
       eprint = {1306.4195},
 primaryClass = {astro-ph.GA},
       adsurl = {https://ui.adsabs.harvard.edu/abs/2013MNRAS.434.1549R},
      adsnote = {Provided by the SAO/NASA Astrophysics Data System}
}

@ARTICLE{2012ApJS..199...29G,
       author = {{Giammichele}, N. and {Bergeron}, P. and {Dufour}, P.},
        title = "{Know Your Neighborhood: A Detailed Model Atmosphere Analysis of Nearby White Dwarfs}",
      journal = {\apjs},
     keywords = {solar neighborhood, stars: luminosity function, mass function, techniques: photometric, techniques: spectroscopic, white dwarfs, Astrophysics - Solar and Stellar Astrophysics},
         year = 2012,
        month = apr,
       volume = {199},
       number = {2},
          eid = {29},
        pages = {29},
          doi = {10.1088/0067-0049/199/2/29},
archivePrefix = {arXiv},
       eprint = {1202.5581},
 primaryClass = {astro-ph.SR},
       adsurl = {https://ui.adsabs.harvard.edu/abs/2012ApJS..199...29G},
      adsnote = {Provided by the SAO/NASA Astrophysics Data System}
}

@ARTICLE{2011MNRAS.417...93R,
       author = {{Rowell}, N. and {Hambly}, N.~C.},
        title = "{White dwarfs in the SuperCOSMOS Sky Survey: the thin disc, thick disc and spheroid luminosity functions}",
      journal = {\mnras},
     keywords = {surveys, stars: luminosity function, mass function, white dwarfs, solar neighbourhood},
         year = 2011,
        month = oct,
       volume = {417},
       number = {1},
        pages = {93-113},
          doi = {10.1111/j.1365-2966.2011.18976.x},
       adsurl = {https://ui.adsabs.harvard.edu/abs/2011MNRAS.417...93R},
      adsnote = {Provided by the SAO/NASA Astrophysics Data System}
}

@ARTICLE{2006AJ....131..571H,
       author = {{Harris}, Hugh C. and {Munn}, Jeffrey A. and {Kilic}, Mukremin and {Liebert}, James and {Williams}, Kurtis A. and {von Hippel}, Ted and {Levine}, Stephen E. and {Monet}, David G. and {Eisenstein}, Daniel J. and {Kleinman}, S.~J. and {Metcalfe}, T.~S. and {Nitta}, Atsuko and {Winget}, D.~E. and {Brinkmann}, J. and {Fukugita}, Masataka and {Knapp}, G.~R. and {Lupton}, Robert H. and {Smith}, J. Allyn and {Schneider}, Donald P.},
        title = "{The White Dwarf Luminosity Function from Sloan Digital Sky Survey Imaging Data}",
      journal = {\aj},
     keywords = {Astrometry, Galaxy: Solar Neighborhood, Stars: Kinematics, Stars: Luminosity Function, Mass Function, Stars: White Dwarfs, Astrophysics},
         year = 2006,
        month = jan,
       volume = {131},
       number = {1},
        pages = {571-581},
          doi = {10.1086/497966},
archivePrefix = {arXiv},
       eprint = {astro-ph/0510820},
 primaryClass = {astro-ph},
       adsurl = {https://ui.adsabs.harvard.edu/abs/2006AJ....131..571H},
      adsnote = {Provided by the SAO/NASA Astrophysics Data System}
}

@ARTICLE{2021MNRAS.502.1753T,
       author = {{Torres}, Santiago and {Rebassa-Mansergas}, Alberto and {Camisassa}, Mar{\'\i}a E. and {Raddi}, Roberto},
        title = "{The Gaia DR2 halo white dwarf population: the luminosity function, mass distribution, and its star formation history}",
      journal = {\mnras},
     keywords = {stars: luminosity function, mass function, white dwarfs, Galaxy: halo, Galaxy: stellar content, Astrophysics - Astrophysics of Galaxies, Astrophysics - Solar and Stellar Astrophysics},
         year = 2021,
        month = apr,
       volume = {502},
       number = {2},
        pages = {1753-1767},
          doi = {10.1093/mnras/stab079},
archivePrefix = {arXiv},
       eprint = {2101.03341},
 primaryClass = {astro-ph.GA},
       adsurl = {https://ui.adsabs.harvard.edu/abs/2021MNRAS.502.1753T},
      adsnote = {Provided by the SAO/NASA Astrophysics Data System}
}


@ARTICLE{2008ApJ...682L.109I,
       author = {{Isern}, J. and {Garc{\'\i}a-Berro}, E. and {Torres}, S. and {Catal{\'a}n}, S.},
        title = "{Axions and the Cooling of White Dwarf Stars}",
      journal = {\apjl},
     keywords = {elementary particles, stars: luminosity function, mass function, white dwarfs, Astrophysics},
         year = 2008,
        month = aug,
       volume = {682},
       number = {2},
        pages = {L109},
          doi = {10.1086/591042},
archivePrefix = {arXiv},
       eprint = {0806.2807},
 primaryClass = {astro-ph},
       adsurl = {https://ui.adsabs.harvard.edu/abs/2008ApJ...682L.109I},
      adsnote = {Provided by the SAO/NASA Astrophysics Data System}
}

@ARTICLE{1999MNRAS.306..736K,
       author = {{Knox}, R.~A. and {Hawkins}, M.~R.~S. and {Hambly}, N.~C.},
        title = "{A survey for cool white dwarfs and the age of the Galactic disc}",
      journal = {\mnras},
     keywords = {Astrophysics},
         year = 1999,
        month = jul,
       volume = {306},
       number = {3},
        pages = {736-752},
          doi = {10.1046/j.1365-8711.1999.02625.x},
archivePrefix = {arXiv},
       eprint = {astro-ph/9903345},
 primaryClass = {astro-ph},
       adsurl = {https://ui.adsabs.harvard.edu/abs/1999MNRAS.306..736K},
      adsnote = {Provided by the SAO/NASA Astrophysics Data System}
}

@ARTICLE{1998ApJ...497..294L,
       author = {{Leggett}, S.~K. and {Ruiz}, Maria Teresa and {Bergeron}, P.},
        title = "{The Cool White Dwarf Luminosity Function and the Age of the Galactic Disk}",
      journal = {\apj},
     keywords = {STARS: EVOLUTION, STARS: FUNDAMENTAL PARAMETERS, STARS: LUMINOSITY FUNCTION, MASS FUNCTION, STARS: WHITE DWARFS, Stars: Evolution, Stars: Fundamental Parameters, Stars: Luminosity Function, Mass Function, Stars: White Dwarfs},
         year = 1998,
        month = apr,
       volume = {497},
       number = {1},
        pages = {294-302},
          doi = {10.1086/305463},
       adsurl = {https://ui.adsabs.harvard.edu/abs/1998ApJ...497..294L},
      adsnote = {Provided by the SAO/NASA Astrophysics Data System}
}

@INCOLLECTION{1995LNP...443...24O,
       author = {{Oswalt}, Terry D. and {Smith}, J. Allyn},
        title = "{On the Luminosity Function of White Dwarfs in Wide Binaries}",
    booktitle = {White Dwarfs},
         year = 1995,
       editor = {{Koester}, Detlev and {Werner}, Klaus},
       volume = {443},
        pages = {24},
          doi = {10.1007/3-540-59157-5\_168},
       adsurl = {https://ui.adsabs.harvard.edu/abs/1995LNP...443...24O},
      adsnote = {Provided by the SAO/NASA Astrophysics Data System}
}

@ARTICLE{1992ApJ...386..539W,
       author = {{Wood}, M.~A.},
        title = "{Constraints on the Age and Evolution of the Galaxy from the White Dwarf Luminosity Function}",
      journal = {\apj},
     keywords = {Galactic Evolution, Milky Way Galaxy, Stellar Luminosity, White Dwarf Stars, Computational Astrophysics, Numerical Analysis, Star Formation, Statistical Analysis, Stellar Mass, Astrophysics, GALAXY: EVOLUTION, STARS: LUMINOSITY FUNCTION, MASS FUNCTION, STARS: STATISTICS, STARS: WHITE DWARFS},
         year = 1992,
        month = feb,
       volume = {386},
        pages = {539},
          doi = {10.1086/171038},
       adsurl = {https://ui.adsabs.harvard.edu/abs/1992ApJ...386..539W},
      adsnote = {Provided by the SAO/NASA Astrophysics Data System}
}

@ARTICLE{1990ApJ...352..605N,
       author = {{Noh}, Hye-Rim and {Scalo}, John},
        title = "{History of the Milky Way Star Formation Rate from the White Dwarf Luminosity Function}",
      journal = {\apj},
     keywords = {Milky Way Galaxy, Star Formation, Stellar Luminosity, White Dwarf Stars, Charge Coupled Devices, Stellar Evolution, Astrophysics, GALAXIES: THE GALAXY, LUMINOSITY FUNCTION, STARS: EVOLUTION, STARS: FORMATION, STARS: WHITE DWARFS},
         year = 1990,
        month = apr,
       volume = {352},
        pages = {605},
          doi = {10.1086/168562},
       adsurl = {https://ui.adsabs.harvard.edu/abs/1990ApJ...352..605N},
      adsnote = {Provided by the SAO/NASA Astrophysics Data System}
}

@INCOLLECTION{1989LNP...328...15L,
       author = {{Liebert}, James and {Dahn}, Conard C. and {Monet}, David G.},
        title = "{The Luminosity Function of White Dwarfs in the Local Disk and Halo}",
     keywords = {Stellar Luminosity, White Dwarf Stars, Astronomical Catalogs, Solar Neighborhood, Stellar Magnitude, Stellar Mass, Stellar Parallax, Stellar Spectrophotometry, Astrophysics},
    booktitle = {IAU Colloq. 114: White Dwarfs},
         year = 1989,
       editor = {{Wegner}, Gary},
       volume = {328},
        pages = {15},
          doi = {10.1007/3-540-51031-1\_287},
       adsurl = {https://ui.adsabs.harvard.edu/abs/1989LNP...328...15L},
      adsnote = {Provided by the SAO/NASA Astrophysics Data System}
}

@ARTICLE{1988ApJ...332..891L,
       author = {{Liebert}, James and {Dahn}, Conard C. and {Monet}, David G.},
        title = "{The Luminosity Function of White Dwarfs}",
      journal = {\apj},
     keywords = {Stellar Luminosity, Stellar Models, Stellar Motions, White Dwarf Stars, Balmer Series, Helium, Hydrogen, Star Formation, Stellar Atmospheres, Astrophysics, LUMINOSITY FUNCTION, STARS: STELLAR STATISTICS, STARS: WHITE DWARFS},
         year = 1988,
        month = sep,
       volume = {332},
        pages = {891},
          doi = {10.1086/166699},
       adsurl = {https://ui.adsabs.harvard.edu/abs/1988ApJ...332..891L},
      adsnote = {Provided by the SAO/NASA Astrophysics Data System}
}

@ARTICLE{1987ApJ...315L..77W,
       author = {{Winget}, D.~E. and {Hansen}, C.~J. and {Liebert}, James and {van Horn}, H.~M. and {Fontaine}, G. and {Nather}, R.~E. and {Kepler}, S.~O. and {Lamb}, D.~Q.},
        title = "{An Independent Method for Determining the Age of the Universe}",
      journal = {\apjl},
     keywords = {Chronology, Cosmology, Disk Galaxies, Stellar Evolution, Universe, White Dwarf Stars, Cool Stars, Luminous Intensity, Perturbation Theory, Solar Neighborhood, Specific Heat, Stellar Mass, Astrophysics, COSMOLOGY, STARS: EVOLUTION, STARS: WHITE DWARFS},
         year = 1987,
        month = apr,
       volume = {315},
        pages = {L77},
          doi = {10.1086/184864},
       adsurl = {https://ui.adsabs.harvard.edu/abs/1987ApJ...315L..77W},
      adsnote = {Provided by the SAO/NASA Astrophysics Data System}
}

@ARTICLE{1984ApJ...282..615I,
       author = {{Iben}, I., Jr. and {Tutukov}, A.~V.},
        title = "{Cooling of low-mass carbon-oxygen dwarfs from the planetary nucleus stage through the crystallization stage}",
      journal = {\apj},
     keywords = {Carbon Stars, Late Stars, Planetary Nebulae, Stellar Evolution, White Dwarf Stars, Cooling, Crystallization, Helium, Hydrogen, Stellar Cores, Stellar Luminosity, Stellar Mass, Astrophysics},
         year = 1984,
        month = jul,
       volume = {282},
        pages = {615-630},
          doi = {10.1086/162241},
       adsurl = {https://ui.adsabs.harvard.edu/abs/1984ApJ...282..615I},
      adsnote = {Provided by the SAO/NASA Astrophysics Data System}
}

@ARTICLE{1979ApJ...233..226L,
       author = {{Liebert}, J. and {Dahn}, C.~C. and {Gresham}, M. and {Strittmatter}, P.~A.},
        title = "{New results from a survey of faint proper-motion stars: a probable deficiency of very low luminosity degenerates.}",
      journal = {\apj},
     keywords = {Astronomical Spectroscopy, Late Stars, Stellar Luminosity, Stellar Motions, White Dwarf Stars, Astronomical Catalogs, Searching, Astrophysics, Low-Luminosity Stars:Stellar Statistics, Nearby Stars:White Dwarfs, Proper-Motion Stars:Surveys},
         year = 1979,
        month = oct,
       volume = {233},
        pages = {226-238},
          doi = {10.1086/157384},
       adsurl = {https://ui.adsabs.harvard.edu/abs/1979ApJ...233..226L},
      adsnote = {Provided by the SAO/NASA Astrophysics Data System}
}

@ARTICLE{1959ApJ...129..243S,
       author = {{Schmidt}, Maarten},
        title = "{The Rate of Star Formation.}",
      journal = {\apj},
         year = 1959,
        month = mar,
       volume = {129},
        pages = {243},
          doi = {10.1086/146614},
       adsurl = {https://ui.adsabs.harvard.edu/abs/1959ApJ...129..243S},
      adsnote = {Provided by the SAO/NASA Astrophysics Data System}
}

@ARTICLE{2014ApJ...791...92T,
       author = {{Tremblay}, P. -E. and {Kalirai}, J.~S. and {Soderblom}, D.~R. and {Cignoni}, M. and {Cummings}, J.},
        title = "{White Dwarf Cosmochronology in the Solar Neighborhood}",
      journal = {\apj},
     keywords = {Galaxy: disk, Galaxy: evolution, Galaxy: stellar content, solar neighborhood, white dwarfs, Astrophysics - Solar and Stellar Astrophysics, Astrophysics - Astrophysics of Galaxies},
         year = 2014,
        month = aug,
       volume = {791},
       number = {2},
          eid = {92},
        pages = {92},
          doi = {10.1088/0004-637X/791/2/92},
archivePrefix = {arXiv},
       eprint = {1406.5173},
 primaryClass = {astro-ph.SR},
       adsurl = {https://ui.adsabs.harvard.edu/abs/2014ApJ...791...92T},
      adsnote = {Provided by the SAO/NASA Astrophysics Data System}
}

@ARTICLE{2006A&A...459..783C,
       author = {{Cignoni}, M. and {Degl'Innocenti}, S. and {Prada Moroni}, P.~G. and {Shore}, S.~N.},
        title = "{Recovering the star formation rate in the solar neighborhood}",
      journal = {\aap},
     keywords = {Galaxy: solar neighbourhood, Galaxy: stellar content, Galaxy:, kinematics and dynamics, Galaxy: disk, stars: Hertzsprung-Russell (HR) and C-M diagrams, methods: statistical, Astrophysics},
         year = 2006,
        month = dec,
       volume = {459},
       number = {3},
        pages = {783-796},
          doi = {10.1051/0004-6361:20065645},
archivePrefix = {arXiv},
       eprint = {astro-ph/0608654},
 primaryClass = {astro-ph},
       adsurl = {https://ui.adsabs.harvard.edu/abs/2006A&A...459..783C},
      adsnote = {Provided by the SAO/NASA Astrophysics Data System}
}

@ARTICLE{2007ApJ...671..761K,
       author = {{Kilic}, Mukremin and {Stanek}, K.~Z. and {Pinsonneault}, M.~H.},
        title = "{The Future Is Now: The Formation of Single Low-Mass White Dwarfs in the Solar Neighborhood}",
      journal = {\apj},
     keywords = {Stars: Low-Mass, Brown Dwarfs, Stars: White Dwarfs, Astrophysics},
         year = 2007,
        month = dec,
       volume = {671},
       number = {1},
        pages = {761-766},
          doi = {10.1086/522228},
archivePrefix = {arXiv},
       eprint = {0706.3045},
 primaryClass = {astro-ph},
       adsurl = {https://ui.adsabs.harvard.edu/abs/2007ApJ...671..761K},
      adsnote = {Provided by the SAO/NASA Astrophysics Data System}
}

@ARTICLE{2019ApJ...878L..11I,
       author = {{Isern}, Jordi},
        title = "{The Star Formation History in the Solar Neighborhood as Told by Massive White Dwarfs}",
      journal = {\apjl},
     keywords = {Galaxy: evolution, solar neighborhood, white dwarfs, Astrophysics - Astrophysics of Galaxies, Astrophysics - Solar and Stellar Astrophysics},
         year = 2019,
        month = jun,
       volume = {878},
       number = {1},
          eid = {L11},
        pages = {L11},
          doi = {10.3847/2041-8213/ab238e},
archivePrefix = {arXiv},
       eprint = {1905.10779},
 primaryClass = {astro-ph.GA},
       adsurl = {https://ui.adsabs.harvard.edu/abs/2019ApJ...878L..11I},
      adsnote = {Provided by the SAO/NASA Astrophysics Data System}
}

@ARTICLE{2000AJ....120.1579Y,
       author = {{York}, Donald G. and {Adelman}, J. and {Anderson}, John E., Jr. and {Anderson}, Scott F. and {Annis}, James and {Bahcall}, Neta A. and {Bakken}, J.~A. and {Barkhouser}, Robert and {Bastian}, Steven and {Berman}, Eileen and {Boroski}, William N. and {Bracker}, Steve and {Briegel}, Charlie and {Briggs}, John W. and {Brinkmann}, J. and {Brunner}, Robert and {Burles}, Scott and {Carey}, Larry and {Carr}, Michael A. and {Castander}, Francisco J. and {Chen}, Bing and {Colestock}, Patrick L. and {Connolly}, A.~J. and {Crocker}, J.~H. and {Csabai}, Istv{\'a}n and {Czarapata}, Paul C. and {Davis}, John Eric and {Doi}, Mamoru and {Dombeck}, Tom and {Eisenstein}, Daniel and {Ellman}, Nancy and {Elms}, Brian R. and {Evans}, Michael L. and {Fan}, Xiaohui and {Federwitz}, Glenn R. and {Fiscelli}, Larry and {Friedman}, Scott and {Frieman}, Joshua A. and {Fukugita}, Masataka and {Gillespie}, Bruce and {Gunn}, James E. and {Gurbani}, Vijay K. and {de Haas}, Ernst and {Haldeman}, Merle and {Harris}, Frederick H. and {Hayes}, J. and {Heckman}, Timothy M. and {Hennessy}, G.~S. and {Hindsley}, Robert B. and {Holm}, Scott and {Holmgren}, Donald J. and {Huang}, Chi-hao and {Hull}, Charles and {Husby}, Don and {Ichikawa}, Shin-Ichi and {Ichikawa}, Takashi and {Ivezi{\'c}}, {\v{Z}}eljko and {Kent}, Stephen and {Kim}, Rita S.~J. and {Kinney}, E. and {Klaene}, Mark and {Kleinman}, A.~N. and {Kleinman}, S. and {Knapp}, G.~R. and {Korienek}, John and {Kron}, Richard G. and {Kunszt}, Peter Z. and {Lamb}, D.~Q. and {Lee}, B. and {Leger}, R. French and {Limmongkol}, Siriluk and {Lindenmeyer}, Carl and {Long}, Daniel C. and {Loomis}, Craig and {Loveday}, Jon and {Lucinio}, Rich and {Lupton}, Robert H. and {MacKinnon}, Bryan and {Mannery}, Edward J. and {Mantsch}, P.~M. and {Margon}, Bruce and {McGehee}, Peregrine and {McKay}, Timothy A. and {Meiksin}, Avery and {Merelli}, Aronne and {Monet}, David G. and {Munn}, Jeffrey A. and {Narayanan}, Vijay K. and {Nash}, Thomas and {Neilsen}, Eric and {Neswold}, Rich and {Newberg}, Heidi Jo and {Nichol}, R.~C. and {Nicinski}, Tom and {Nonino}, Mario and {Okada}, Norio and {Okamura}, Sadanori and {Ostriker}, Jeremiah P. and {Owen}, Russell and {Pauls}, A. George and {Peoples}, John and {Peterson}, R.~L. and {Petravick}, Donald and {Pier}, Jeffrey R. and {Pope}, Adrian and {Pordes}, Ruth and {Prosapio}, Angela and {Rechenmacher}, Ron and {Quinn}, Thomas R. and {Richards}, Gordon T. and {Richmond}, Michael W. and {Rivetta}, Claudio H. and {Rockosi}, Constance M. and {Ruthmansdorfer}, Kurt and {Sandford}, Dale and {Schlegel}, David J. and {Schneider}, Donald P. and {Sekiguchi}, Maki and {Sergey}, Gary and {Shimasaku}, Kazuhiro and {Siegmund}, Walter A. and {Smee}, Stephen and {Smith}, J. Allyn and {Snedden}, S. and {Stone}, R. and {Stoughton}, Chris and {Strauss}, Michael A. and {Stubbs}, Christopher and {SubbaRao}, Mark and {Szalay}, Alexander S. and {Szapudi}, Istvan and {Szokoly}, Gyula P. and {Thakar}, Anirudda R. and {Tremonti}, Christy and {Tucker}, Douglas L. and {Uomoto}, Alan and {Vanden Berk}, Dan and {Vogeley}, Michael S. and {Waddell}, Patrick and {Wang}, Shu-i. and {Watanabe}, Masaru and {Weinberg}, David H. and {Yanny}, Brian and {Yasuda}, Naoki and {SDSS Collaboration}},
        title = "{The Sloan Digital Sky Survey: Technical Summary}",
      journal = {\aj},
     keywords = {Cosmology: Observations, Instrumentation: Miscellaneous, Astrophysics},
         year = 2000,
        month = sep,
       volume = {120},
       number = {3},
        pages = {1579-1587},
          doi = {10.1086/301513},
archivePrefix = {arXiv},
       eprint = {astro-ph/0006396},
 primaryClass = {astro-ph},
       adsurl = {https://ui.adsabs.harvard.edu/abs/2000AJ....120.1579Y},
      adsnote = {Provided by the SAO/NASA Astrophysics Data System}
}

@ARTICLE{2023MNRAS.526.3273C,
       author = {{Cappellari}, Michele},
        title = "{Full spectrum fitting with photometry in PPXF: stellar population versus dynamical masses, non-parametric star formation history and metallicity for 3200 LEGA-C galaxies at redshift z {\ensuremath{\approx}} 0.8}",
      journal = {\mnras},
     keywords = {techniques: photometric, techniques: spectroscopic, software: data analysis, galaxies: evolution, galaxies: formation, galaxies: high-redshift, Astrophysics - Astrophysics of Galaxies},
         year = 2023,
        month = dec,
       volume = {526},
       number = {3},
        pages = {3273-3300},
          doi = {10.1093/mnras/stad2597},
archivePrefix = {arXiv},
       eprint = {2208.14974},
 primaryClass = {astro-ph.GA},
       adsurl = {https://ui.adsabs.harvard.edu/abs/2023MNRAS.526.3273C},
      adsnote = {Provided by the SAO/NASA Astrophysics Data System}
}

@ARTICLE{2021ApJS..254...22J,
       author = {{Johnson}, Benjamin D. and {Leja}, Joel and {Conroy}, Charlie and {Speagle}, Joshua S.},
        title = "{Stellar Population Inference with Prospector}",
      journal = {\apjs},
     keywords = {Galaxy evolution, Spectral energy distribution, Astronomy data modeling, 594, 2129, 1859, Astrophysics - Astrophysics of Galaxies, Astrophysics - Instrumentation and Methods for Astrophysics},
         year = 2021,
        month = jun,
       volume = {254},
       number = {2},
          eid = {22},
        pages = {22},
          doi = {10.3847/1538-4365/abef67},
archivePrefix = {arXiv},
       eprint = {2012.01426},
 primaryClass = {astro-ph.GA},
       adsurl = {https://ui.adsabs.harvard.edu/abs/2021ApJS..254...22J},
      adsnote = {Provided by the SAO/NASA Astrophysics Data System}
}

@ARTICLE{2019ApJ...876...67B,
       author = {{Bergeron}, P. and {Dufour}, P. and {Fontaine}, G. and {Coutu}, S. and {Blouin}, S. and {Genest-Beaulieu}, C. and {B{\'e}dard}, A. and {Rolland}, B.},
        title = "{On the Measurement of Fundamental Parameters of White Dwarfs in the Gaia Era}",
      journal = {\apj},
     keywords = {stars: fundamental parameters, techniques: photometric, techniques: spectroscopic, white dwarfs, Astrophysics - Solar and Stellar Astrophysics},
         year = 2019,
        month = may,
       volume = {876},
       number = {1},
          eid = {67},
        pages = {67},
          doi = {10.3847/1538-4357/ab153a},
archivePrefix = {arXiv},
       eprint = {1904.02022},
 primaryClass = {astro-ph.SR},
       adsurl = {https://ui.adsabs.harvard.edu/abs/2019ApJ...876...67B},
      adsnote = {Provided by the SAO/NASA Astrophysics Data System}
}

@ARTICLE{2013A&ARv..21...59I,
       author = {{Ivanova}, N. and {Justham}, S. and {Chen}, X. and {De Marco}, O. and {Fryer}, C.~L. and {Gaburov}, E. and {Ge}, H. and {Glebbeek}, E. and {Han}, Z. and {Li}, X. -D. and {Lu}, G. and {Marsh}, T. and {Podsiadlowski}, P. and {Potter}, A. and {Soker}, N. and {Taam}, R. and {Tauris}, T.~M. and {van den Heuvel}, E.~P.~J. and {Webbink}, R.~F.},
        title = "{Common envelope evolution: where we stand and how we can move forward}",
      journal = {\aapr},
     keywords = {Close binaries, Stellar structure, interiors, evolution, Hydrodynamics, Astrophysics - High Energy Astrophysical Phenomena, Astrophysics - Solar and Stellar Astrophysics},
         year = 2013,
        month = feb,
       volume = {21},
          eid = {59},
        pages = {59},
          doi = {10.1007/s00159-013-0059-2},
archivePrefix = {arXiv},
       eprint = {1209.4302},
 primaryClass = {astro-ph.HE},
       adsurl = {https://ui.adsabs.harvard.edu/abs/2013A&ARv..21...59I},
      adsnote = {Provided by the SAO/NASA Astrophysics Data System}
}

@ARTICLE{2023arXiv231117145H,
       author = {{Hallakoun}, Na'ama and {Shahaf}, Sahar and {Mazeh}, Tsevi and {Toonen}, Silvia and {Ben-Ami}, Sagi},
        title = "{A Deficit of Massive White Dwarfs in Gaia Astrometric Binaries}",
      journal = {arXiv e-prints},
     keywords = {Astrophysics - Solar and Stellar Astrophysics, Astrophysics - Astrophysics of Galaxies},
         year = 2023,
        month = nov,
          eid = {arXiv:2311.17145},
        pages = {arXiv:2311.17145},
          doi = {10.48550/arXiv.2311.17145},
archivePrefix = {arXiv},
       eprint = {2311.17145},
 primaryClass = {astro-ph.SR},
       adsurl = {https://ui.adsabs.harvard.edu/abs/2023arXiv231117145H},
      adsnote = {Provided by the SAO/NASA Astrophysics Data System}
}

